% Encoding: UTF-8

@Article{,
  author  = {ROS},
  title   = {ROS.org},
  journal = {https://www.idepa.es/innovacion/clusteres/que-es-un-cluster},
  year    = {2018},
}

@Article{,
  author  = {WikiGuide},
  title   = {Repositories/Ubuntu},
  journal = {https://help.ubuntu.com/community/Repositories/Ubuntu},
  year    = {2017},
}

@Article{,
  author  = {Daniel Ortego Delgado},
  title   = {¿Qué es ROS?},
  journal = {https://openwebinars.net/blog/que-es-ros/},
  year    = {2019},
}

@Comment{jabref-meta: databaseType:bibtex;}
